@misc{deep_pcb_dataset,
    author = {{Papers with Code}},
    title = {DeepPCB Dataset},
    year = {2024},
    url = {https://paperswithcode.com/dataset/deep-pcb},
    note = {Accessed: 2025-01-24}
}